<record xmlns='http://www.loc.gov/MARC21/slim'><leader>02608cas a2200469 a 4500</leader><controlfield tag='001'>773963</controlfield><controlfield tag='005'>20180827200458.0</controlfield><controlfield tag='008'>790823d18531873mauqr p       0   a0eng d</controlfield><datafield ind1=' ' ind2=' ' tag='010'><subfield code='a'>86655750</subfield></datafield><datafield ind1='1' ind2=' ' tag='019'><subfield code='a'>4807110</subfield></datafield><datafield ind1=' ' ind2=' ' tag='035'><subfield code='9'>(AuCNLDY)965141</subfield></datafield><datafield ind1=' ' ind2=' ' tag='035'><subfield code='a'>773963</subfield></datafield><datafield ind1=' ' ind2=' ' tag='040'><subfield code='a'>MnHi</subfield><subfield code='b'>eng</subfield><subfield code='c'>MnHi</subfield><subfield code='d'>OCoLC</subfield><subfield code='d'>InU</subfield><subfield code='d'>N</subfield><subfield code='d'>DLC</subfield><subfield code='d'>NST</subfield><subfield code='d'>OCoLC</subfield><subfield code='d'>LC</subfield></datafield><datafield ind1=' ' ind2=' ' tag='042'><subfield code='a'>lc</subfield></datafield><datafield ind1=' ' ind2=' ' tag='043'><subfield code='a'>n-usn--</subfield></datafield><datafield ind1='0' ind2='0' tag='050'><subfield code='a'>F1</subfield><subfield code='b'>.N56</subfield></datafield><datafield ind1='0' ind2=' ' tag='082'><subfield code='a'>974/.005</subfield><subfield code='2'>19</subfield></datafield><datafield ind1='0' ind2='4' tag='245'><subfield code='a'>The New England historical &amp; genealogical register and antiquarian journal /</subfield><subfield code='c'>published quarterly under the patronage of the New England Historic-Genealogical Society.</subfield></datafield><datafield ind1='1' ind2='6' tag='246'><subfield code='a'>New-England historical and genealogical register</subfield><subfield code='f'>Jan. 1869-Oct. 1869</subfield></datafield><datafield ind1='1' ind2='0' tag='246'><subfield code='a'>New England historical and genealogical register and antiquarian journal</subfield></datafield><datafield ind1=' ' ind2=' ' tag='260'><subfield code='a'>Boston :</subfield><subfield code='b'>S.G. Drake,</subfield><subfield code='c'>1853-1873.</subfield></datafield><datafield ind1=' ' ind2=' ' tag='300'><subfield code='a'>21 v. :</subfield><subfield code='b'>ill., facsims, maps, ports. ;</subfield><subfield code='c'>23 cm.</subfield></datafield><datafield ind1=' ' ind2=' ' tag='310'><subfield code='a'>Quarterly</subfield></datafield><datafield ind1='0' ind2=' ' tag='362'><subfield code='a'>Vol. 7, no. 1 (Jan. 1853)-v. 27, no. 4 (Oct. 1873).</subfield></datafield><datafield ind1=' ' ind2=' ' tag='500'><subfield code='a'>Title from cover.</subfield></datafield><datafield ind1=' ' ind2=' ' tag='515'><subfield code='a'>Issues for Jan. 1853-   called also whole no. 25-   .</subfield></datafield><datafield ind1=' ' ind2=' ' tag='530'><subfield code='a'>Available on microfilm from University Microfilms.</subfield></datafield><datafield ind1=' ' ind2=' ' tag='555'><subfield code='a'>General index: Vols. 1 (1847)-10 (1856), in v. 10 (Includes index to the journal under its earliest title).</subfield></datafield><datafield ind1=' ' ind2=' ' tag='555'><subfield code='a'>Person index: Vols. 1 (1847)-50 (1896).  3 v. (Includes index to the journal under its earlier and later titles).</subfield></datafield><datafield ind1=' ' ind2=' ' tag='555'><subfield code='a'>Subject index: Vols. 1 (1847)-50 (1896).  1 v. (Includes index to the journal under its earlier and later titles).</subfield></datafield><datafield ind1=' ' ind2=' ' tag='555'><subfield code='a'>Place index: Vols. 1 (1847)-41 (1887), in v. 42; v. 1 (1847)-50 (1896).  1 v. (Includes index to the journal under its earlier and later titles).</subfield></datafield><datafield ind1=' ' ind2=' ' tag='555'><subfield code='a'>Genealogical and pedigree index: Vols. 1 (1847)-50 (1896), in v. 50. (Includes index to the journal under its earlier and later titles).</subfield></datafield><datafield ind1=' ' ind2=' ' tag='580'><subfield code='a'>Continued in 1874 by: New England historical and genealogical register.</subfield></datafield><datafield ind1='2' ind2='0' tag='610'><subfield code='a'>New England Historic Genealogical Society</subfield><subfield code='v'>Periodicals.</subfield></datafield><datafield ind1=' ' ind2='0' tag='650'><subfield code='a'>Genealogy</subfield><subfield code='v'>Periodicals.</subfield></datafield><datafield ind1=' ' ind2='0' tag='651'><subfield code='a'>New England</subfield><subfield code='x'>History</subfield><subfield code='v'>Periodicals.</subfield></datafield><datafield ind1=' ' ind2='0' tag='651'><subfield code='a'>New England</subfield><subfield code='v'>Genealogy</subfield><subfield code='v'>Periodicals.</subfield></datafield><datafield ind1='2' ind2=' ' tag='710'><subfield code='a'>New England Historic Genealogical Society.</subfield></datafield><datafield ind1='1' ind2=' ' tag='776'><subfield code='t'>New England historical &amp; genealogical register and antiquarian journal</subfield><subfield code='w'>(OCoLC)9116953</subfield><subfield code='w'>(DLC)sf 89090996</subfield></datafield><datafield ind1='0' ind2='0' tag='780'><subfield code='t'>New England historical &amp; genealogical register</subfield><subfield code='w'>(OCoLC)5304482</subfield><subfield code='w'>(DLC)   86655751</subfield></datafield><datafield ind1='1' ind2='0' tag='785'><subfield code='t'>New England historical and genealogical register</subfield><subfield code='w'>(DLC)   05016188</subfield><subfield code='w'>(OCoLC)7030049</subfield><subfield code='x'>0028-4785</subfield></datafield><datafield ind1=' ' ind2=' ' tag='984'><subfield code='a'>ANL</subfield><subfield code='c'>S 929.2 NEW</subfield><subfield code='d'>Vol. 7, no. 1-v. 27, no. 4</subfield><subfield code='e'>(Jan. 1853-Oct. 1873)</subfield></datafield></record>